% scikit-learn
@article{pedregosa2011scikit,
  title={Scikit-learn: Machine learning in Python},
  author={Pedregosa, Fabian and Varoquaux, Ga{\"e}l and Gramfort, Alexandre and Michel, Vincent and Thirion, Bertrand and Grisel, Olivier and Blondel, Mathieu and Prettenhofer, Peter and Weiss, Ron and Dubourg, Vincent and others},
  journal={The Journal of Machine Learning Research},
  volume={12},
  pages={2825--2830},
  year={2011},
  publisher={JMLR. org}
}

@article{buitinck2013api,
  title={API design for machine learning software: experiences from the scikit-learn project},
  author={Buitinck, Lars and Louppe, Gilles and Blondel, Mathieu and Pedregosa, Fabian and Mueller, Andreas and Grisel, Olivier and Niculae, Vlad and Prettenhofer, Peter and Gramfort, Alexandre and Grobler, Jaques and others},
  journal={arXiv preprint arXiv:1309.0238},
  year={2013}
}

@article{Varoquaux:2015:SML:2786984.2786995,
 author = {Varoquaux, G. and Buitinck, L. and Louppe, G. and Grisel, O. and Pedregosa, F. and Mueller, A.},
 title = {Scikit-learn: Machine Learning Without Learning the Machinery},
 journal = {GetMobile: Mobile Comp. and Comm.},
 issue_date = {January 2015},
 volume = {19},
 number = {1},
 month = jun,
 year = {2015},
 issn = {2375-0529},
 pages = {29--33},
 numpages = {5},
 url = {http://doi.acm.org/10.1145/2786984.2786995},
 doi = {10.1145/2786984.2786995},
 acmid = {2786995},
 publisher = {ACM},
 address = {New York, NY, USA},
} 

[download] 

% automl
@inproceedings{feurer-nips2015,
       booktitle = {Advances in Neural Information Processing Systems 28},
           month = {December},
           title = {Efficient and Robust Automated Machine Leraning},
          author = {M. Feurer and A. Klein and K. Eggensperger and J. Springenberg and M. Blum and F. Hutter},
            year = {2015},
           pages = {2944--2952},
}

@inproceedings{bergstra2013hyperopt,
  title={Hyperopt: A python library for optimizing the hyperparameters of machine learning algorithms},
  author={Bergstra, James and Yamins, Dan and Cox, David D},
  booktitle={Proceedings of the 12th Python in Science Conference},
  pages={13--20},
  year={2013}
}
@incollection{NIPS2011_4443,
title = {Algorithms for Hyper-Parameter Optimization},
author = {James S. Bergstra and Bardenet, R\'{e}mi and Bengio, Yoshua and Bal\'{a}zs K\'{e}gl},
booktitle = {Advances in Neural Information Processing Systems 24},
editor = {J. Shawe-Taylor and R. S. Zemel and P. L. Bartlett and F. Pereira and K. Q. Weinberger},
pages = {2546--2554},
year = {2011},
publisher = {Curran Associates, Inc.},
url = {http://papers.nips.cc/paper/4443-algorithms-for-hyper-parameter-optimization.pdf}
}

@inproceedings{eggensperger2015efficient,
  title={Efficient Benchmarking of Hyperparameter Optimizers via Surrogates.},
  author={Eggensperger, Katharina and Hutter, Frank and Hoos, Holger H and Leyton-Brown, Kevin},
  booktitle={AAAI},
  pages={1114--1120},
  year={2015}
}

@inproceedings{komer2014hyperopt,
  title={Hyperopt-sklearn: Automatic hyperparameter configuration for scikit-learn},
  author={Komer, Brent and Bergstra, James and Eliasmith, Chris},
  booktitle={ICML workshop on AutoML},
  year={2014}
}
@inproceedings{feurer2015initializing,
  title={Initializing Bayesian Hyperparameter Optimization via Meta-Learning.},
  author={Feurer, Matthias and Springenberg, Jost Tobias and Hutter, Frank},
  booktitle={AAAI},
  pages={1128--1135},
  year={2015}
}
@inproceedings{eggensperger2015efficient,
  title={Efficient Benchmarking of Hyperparameter Optimizers via Surrogates.},
  author={Eggensperger, Katharina and Hutter, Frank and Hoos, Holger H and Leyton-Brown, Kevin},
  booktitle={AAAI},
  pages={1114--1120},
  year={2015}
}

@article{claesen2014easy,
  title={Easy hyperparameter search using optunity},
  author={Claesen, Marc and Simm, Jaak and Popovic, Dusan and Moreau, Yves and De Moor, Bart},
  journal={arXiv preprint arXiv:1412.1114},
  year={2014}
}
@misc{luo2015review,
  title={A review of automatic selection methods for machine learning algorithms and hyper-parameter values},
  author={Luo, Gang},
  year={2015}
}

@article{snoek2015scalable,
  title={Scalable Bayesian Optimization Using Deep Neural Networks},
  author={Snoek, Jasper and Rippel, Oren and Swersky, Kevin and Kiros, Ryan and Satish, Nadathur and Sundaram, Narayanan and Patwary, Md and Ali, Mostofa and Adams, Ryan P and others},
  journal={arXiv preprint arXiv:1502.05700},
  year={2015}
}

@incollection{NIPS2012_4522,
title = {Practical Bayesian Optimization of Machine Learning Algorithms},
author = {Snoek, Jasper and Larochelle, Hugo and Adams, Ryan P},
booktitle = {Advances in Neural Information Processing Systems 25},
editor = {F. Pereira and C. J. C. Burges and L. Bottou and K. Q. Weinberger},
pages = {2951--2959},
year = {2012},
publisher = {Curran Associates, Inc.},
url = {http://papers.nips.cc/paper/4522-practical-bayesian-optimization-of-machine-learning-algorithms.pdf}
}

@article{shahriari2016taking,
  title={Taking the human out of the loop: A review of bayesian optimization},
  author={Shahriari, Bobak and Swersky, Kevin and Wang, Ziyu and Adams, Ryan P and de Freitas, Nando},
  journal={Proceedings of the IEEE},
  volume={104},
  number={1},
  pages={148--175},
  year={2016},
  publisher={IEEE}
}



% books
@book{garreta2013learning,
  title={Learning scikit-learn: Machine Learning in Python},
  author={Garreta, Ra{\'u}l and Moncecchi, Guillermo},
  year={2013},
  publisher={Packt Publishing Ltd}
}
@book{hackeling2014mastering,
  title={Mastering Machine Learning with scikit-learn},
  author={Hackeling, Gavin},
  year={2014},
  publisher={Packt Publishing Ltd}
}
@book{hauck2014scikit,
  title={scikit-learn Cookbook},
  author={Hauck, Trent},
  year={2014},
  publisher={Packt Publishing Ltd}
}
@article{raschka2015python,
  title={Python Machine Learning},
  author={Raschka, Sebastian},
  year={2015},
  publisher={Packt Publishing}
}


% uses
@article{abraham2014machine,
  title={Machine learning for neuroimaging with scikit-learn},
  author={Abraham, Alexandre and Pedregosa, Fabian and Eickenberg, Michael and Gervais, Philippe and Muller, Andreas and Kossaifi, Jean and Gramfort, Alexandre and Thirion, Bertrand and Varoquaux, G{\"a}el},
  journal={arXiv preprint arXiv:1412.3919},
  year={2014}
}

@inproceedings{vanderplas2012introduction,
  title={Introduction to astroML: Machine learning for astrophysics},
  author={VanderPlas, Jacob and Connolly, Andrew J and Ivezi{\'c}, {\v{Z}}eljko and Gray, Alex},
  booktitle={Intelligent Data Understanding (CIDU), 2012 Conference on},
  pages={47--54},
  year={2012},
  organization={IEEE}
}
@inproceedings{mcfee2015librosa,
  title={librosa: Audio and music signal analysis in python},
  author={McFee, Brian and Raffel, Colin and Liang, Dawen and Ellis, Daniel PW and McVicar, Matt and Battenberg, Eric and Nieto, Oriol},
  booktitle={Proceedings of the 14th Python in Science Conference},
  year={2015}
}

@inproceedings{bird2006nltk,
  title={NLTK: the natural language toolkit},
  author={Bird, Steven},
  booktitle={Proceedings of the COLING/ACL on Interactive presentation sessions},
  pages={69--72},
  year={2006},
  organization={Association for Computational Linguistics}
}



% other
@article{vanschoren2014openml,
  title={OpenML: networked science in machine learning},
  author={Vanschoren, Joaquin and Van Rijn, Jan N and Bischl, Bernd and Torgo, Luis},
  journal={ACM SIGKDD Explorations Newsletter},
  volume={15},
  number={2},
  pages={49--60},
  year={2014},
  publisher={ACM}
}

@incollection{van2013openml,
  title={OpenML: A collaborative science platform},
  author={Van Rijn, Jan N and Bischl, Bernd and Torgo, Luis and Gao, Bo and Umaashankar, Venkatesh and Fischer, Simon and Winter, Patrick and Wiswedel, Bernd and Berthold, Michael R and Vanschoren, Joaquin},
  booktitle={Machine learning and knowledge discovery in databases},
  pages={645--649},
  year={2013},
  publisher={Springer}
}


@inproceedings{caruana2008empirical,
  title={An empirical evaluation of supervised learning in high dimensions},
  author={Caruana, Rich and Karampatziakis, Nikos and Yessenalina, Ainur},
  booktitle={Proceedings of the 25th international conference on Machine learning},
  pages={96--103},
  year={2008},
  organization={ACM}
}

@inproceedings{caruana2006empirical,
  title={An empirical comparison of supervised learning algorithms},
  author={Caruana, Rich and Niculescu-Mizil, Alexandru},
  booktitle={Proceedings of the 23rd international conference on Machine learning},
  pages={161--168},
  year={2006},
  organization={ACM}
}

@book{bishop2001bishop,
  title={Pattern Recognition and Machine Learning},
  author={Bishop, CM},
  year={2001},
  publisher={Springer, New York}
}
@book{friedman2001elements,
  title={The elements of statistical learning},
  author={Friedman, Jerome and Hastie, Trevor and Tibshirani, Robert},
  volume={1},
  year={2001},
  publisher={Springer series in statistics Springer, Berlin}
}

